3446 5118
530 913 592 983 De
619 921 890 985 numerorum
917 930 1011 985 666.

236 1087 318 1154 Oum
342 1109 408 1152 non
431 1086 535 1151 solum
556 1091 678 1172 poetas,
704 1084 760 1150 sed
784 1086 881 1150 etism
910 1107 1024 1172 prosae
1049 1086 1203 1152 orationis
1225 1088 1409 1174 scriptores,

129 1195 185 1280 qui
208 1215 318 1276 aurea,
352 1216 448 1280 quam
483 1192 627 1274 dicimus,
663 1198 769 1258 aetate
800 1195 988 1276 floruerant,
1018 1215 1189 1258 numerum
1212 1193 1410 1279 singularem

129 1303 295 1368 nominum
319 1302 524 1390 populorum,
549 1301 746 1377 animalium,
776 1302 961 1387 plantarum
985 1322 1044 1387 pro
1068 1302 1186 1388 plurali
1201 1323 1333 1368 numero
1351 1303 1408 1368 sd·

129 1410 270 1476 hibuisse
306 1410 436 1474 minime
471 1409 667 1495 ignoremus,
705 1407 841 1474 eandem
865 1408 1130 1474 consuetudinem
1154 1409 1251 1474 etiam
1274 1410 1307 1476 in
1331 1411 1410 1476 Pro·

128 1518 214 1603 perti
238 1516 347 1600 elegiis
371 1515 463 1581 nobis
488 1536 656 1582 occurrere
680 1517 789 1580 multis
806 1515 962 1603 exemplis
979 1517 1011 1580 in
1029 1516 1133 1580 lucem
1149 1517 1283 1603 prolatis
1299 1538 1409 1605 super·

129 1644 306 1688 vacaneum
337 1623 476 1690 arbitror
501 1623 730 1691 demonstrare.
767 1623 836 1708 (cfr.
861 1623 981 1709 Draeg.
1014 1624 1088 1689 hist.
1125 1623 1157 1690 S.
1179 1623 1203 1688 I.
1230 1645 1260 1710 p.
1286 1623 1319 1707 4)
1345 1623 1409 1690 Sed

128 1733 223 1796 116661
243 1731 322 1797 mihi
337 1732 397 1797 hoo
420 1733 490 1797 loeo
515 1733 680 1798 occasione
705 1730 781 1796 data
803 1732 914 1819 paucis
938 1731 1103 1819 disputare
1127 1731 1168 1796 de
1192 1753 1220 1798 r.
1239 1731 1281 1813 V,
1300 1733 1329 1814 6,
1349 1733 1408 1796 72:

237 1837 507 1924 ,Blanditiaeque
531 1842 633 1903 fluant
656 1861 715 1926 per
739 1861 811 1904 mea
835 1838 918 1904 colla
940 1839 1065 1904 rosae“.

234 1945 454 2012 Baehrensius
470 1947 669 2032 Scaligerum
686 1953 814 2012 secutus
830 1947 961 2034 scripsit
980 1945 1195 2029 ,blanditae“,
1213 1967 1296 2033 quse
1312 1946 1407 2012 lectio

123 2053 170 2117 'ab
187 2053 349 2136 elegantia
365 2053 524 2140 Properti,
550 2074 644 2141 quem
661 2055 859 2140 metonymia
873 2055 1059 2141 saepissime
1075 2055 1123 2118 uti
1139 2055 1249 2119 multis
1266 2053 1407 2119 ostendit

128 2160 284 2247 exemplis
302 2161 535 2246 Hertzbergius
561 2159 600 2245 (Ι.
617 2184 648 2248 p.
669 2161 755 2245 149),
779 2161 872 2225 nimis
896 2160 1028 2226 recedit.
1076 2160 1279 2246 Singularem
1298 2167 1407 2226 autem

131 2269 261 2348 ,rosae“
294 2291 359 2333 non
388 2268 554 2334 offendere
578 2291 620 2334 ex
643 2270 729 2334 hisce
753 2274 888 2356 apparet
911 2269 1004 2334 locis:
1028 2269 1054 2351 I,
1091 2271 1141 2352 17,
1174 2271 1215 2333 22
1248 2269 1408 2351 „molliter

127 2381 160 2439 ot
183 2383 296 2440 tenera
319 2383 456 2463 poneret
486 2399 558 2442 ossa
581 2377 693 2460 rosa“;
723 2367 779 2441 cfr.
802 2376 869 2458 IV,
895 2379 931 2458 2,
957 2378 1016 2460 36,
1053 2378 1089 2458 4,
1115 2378 1175 2460 22,
1209 2375 1257 2458 V,
1283 2379 1319 2457 2,
1345 2377 1406 2461 40,

130 2483 226 2564 ,flos“
253 2505 311 2569 pro
338 2484 471 2566 ,flores“
497 2484 555 2566 IV,
581 2490 611 2566 9,
640 2488 698 2570 16,
723 2483 763 2566 V,
790 2487 819 2567 3,
847 2487 908 2567 57,
935 2484 1072 2566 ,ritem“
1099 2483 1162 2566 ΙΙΙ,
1191 2486 1239 2566 12,
1266 2485 1324 2568 12,
1349 2485 1406 2551 cfr.

127 2590 223 2654 otium
240 2589 357 2656 061611.
377 2593 428 2673 61,
448 2593 489 2656 93
509 2593 586 2674 ,flos
602 2591 873 2678 hyacinthinus“;
891 2593 943 2667 02,
961 2591 1003 2656 40
1022 2591 1099 2671 ,flos
1116 2591 1245 2674 ignotus
1260 2591 1402 2677 peoori“.

231 2697 388 2763 Videmus
413 2698 512 2783 igitur
536 2720 577 2763 ne
599 2698 637 2764 L.
663 2698 857 2778 Muellerum
882 2697 1010 2788 quidem
1033 2698 1199 2780 habuisse,
1224 2719 1281 2763 our
1306 2700 1405 2762 inter·

125 2805 335 2891 punctionem
357 2812 494 2892 poneret
516 2812 588 2892 post
614 2806 844 2891 ,blanditiae“.

232 2912 337 2978 Multo
359 2912 560 2998 frequentior
591 2935 687 3001 quam
717 2915 887 2998 singularis
910 2909 1082 3001 Propertio
1106 2920 1255 2978 6616666
1279 2897 1405 2979 numeri

125 3017 259 3106 pluralis
293 3019 467 3107 praecipue
502 3022 686 3103 nominum,
723 3043 805 3109 quae
838 3021 1020 3088 materialia
1051 3019 1155 3085 dicere
1179 3020 1329 3086 solemus.
1374 3021 1403 3084 Ε

124 3127 301 3214 permultis,
335 3140 416 3215 quae
446 3130 574 3217 repperi
605 3130 762 3216 exemplis
785 3131 868 3216 eligo
893 3151 950 3210 ea,
986 3149 1068 3216 quae
1099 3127 1200 3212 magis
1230 3129 1403 3215 Propertio

125 3258 220 3321 quam
244 3234 315 3302 61116
346 3237 433 3301 111166
463 3237 578 3302 6616116
606 3225 710 3325 poetis
742 3239 876 3326 propria
899 3244 974 3301 sunt
996 3233 1101 3300 velut:
1129 3235 1224 3318 ,trita
1255 3235 1401 3300 venena“

123 3341 191 3422 III,
224 3344 262 3423 9,
296 3345 353 3424 14,
390 3344 447 3423 19,
485 3346 543 3424 11,
568 3345 624 3409 ubi
653 3353 782 3432 poetam
813 3367 878 3409 non
903 3344 1006 3410 solum
1029 3344 1125 3409 metri
1149 3364 1260 3424 causa,
1286 3342 1343 3408 sed
1367 3350 1403 3407 ut

123 3449 250 3514 diversa
286 3458 318 3514 61
353 3451 456 3516 mixta
489 3453 606 3516 veneni
641 3473 760 3537 genera
794 3453 1000 3539 exprimeret,
1039 3451 1197 3538 pluralem
1231 3455 1401 3514 numerum

123 3556 279 3642 singulari
296 3558 522 3645 praetulisses
543 3560 712 3646 participio
732 3559 848 3641 ,trita“
867 3557 1059 3623 concludere
1076 3557 1161 3624 licet.
1181 3592 1218 3601 —-
1242 3557 1400 3648 ,6616616ις

123 3663 163 3746 V,
190 3667 219 3746 8,
246 3667 282 3730 7:
307 3669 450 3748 ,terrae“
475 3666 500 3748 I,
526 3669 577 3749 22,
605 3667 645 3731 10
672 3665 742 3754 (pro
769 3664 920 3752 ,agri“);
948 3665 1082 3747 ,terris“
1109 3663 1167 3747 IV,
1193 3667 1245 3747 21,
1271 3666 1324 3745 22,
1347 3663 1401 3727 ubi

122 3772 162 3836 de
186 3771 309 3836 Isthmo
333 3774 400 3838 solo
423 3777 540 3858 agitur.
567 3813 607 3822 —-
632 3759 774 3842 Praeter
803 3773 1021 3856 ,6616161616ιι
1059 3773 1115 3858 (=
1149 3771 1236 3860 apud
1266 3771 1400 3855 inferos)

121 3881 183 3961 III,
212 3881 261 3962 11,
290 3885 317 3962 5,
344 3903 441 3967 quem
463 3904 590 3948 versum
614 3883 800 3967 Draegerus
826 3880 865 3968 (l.
890 3906 921 3971 p.
948 3879 981 3962 5)
1006 3881 1131 3963 attulit,
1156 3880 1276 3963 legitur
1302 3880 1402 3944 semel

121 3987 207 4075 apud
230 3989 438 4076 Propertium
464 3989 517 4071 ,in
541 3993 652 4055 terris“
679 4013 736 4079 pro
763 3990 870 4077 ,apud
893 3990 1058 4057 homines“
1085 3989 1128 4070 ΙΙ,
1155 3991 1185 4068 2,
1211 3991 1239 4054 3.

227 4095 269 4178 V,
297 4101 324 4179 7,
351 4098 392 4164 37
417 4097 597 4163 invenimus
624 4099 799 4180 ,saliras“,
824 4100 914 4164 cuius
938 4097 1059 4164 idcirco
1083 4096 1281 4161 mentionem
1305 4092 1398 4172 facio,

122 4201 208 4288 quod
237 4202 425 4290 Draegerus
463 4207 553 4291 [hist.
586 4208 617 4272 S.
649 4207 675 4274 Ι.
709 4231 740 4295 p.
771 4207 802 4291 6)
835 4208 896 4272 hoe
931 4206 1166 4273 substantivum
1190 4201 1292 4266 solum
1313 4198 1400 4287 apud

121 4309 346 4376 Lucretiumet
355 4313 564 4378 Columellam
578 4316 609 4379 in
621 4313 738 4400 plurali
750 4336 884 4382 numero
896 4315 1036 4403 positum
1049 4332 1118 4376 esse
1129 4309 1209 4376 falso
1221 4307 1398 4374 adnotavit.

226 4417 330 4483 Porro
353 4420 489 4503 legimus
508 4422 632 4506 „ignes“
653 4444 712 4508 pro
731 4423 826 4505 ,solis
843 4422 950 4487 calor“
969 4419 1027 4502 IV,
1044 4421 1097 4500 20,
1115 4420 1151 4502 3,
1168 4439 1225 4505 pro
1245 4418 1396 4498 ,amore“

120 4522 145 4600 Ι,
172 4526 201 4602 6,
228 4525 264 4606 7,
291 4526 341 4606 11,
368 4529 404 4608 7,
428 4527 487 4608 IV,
515 4529 565 4609 16,
591 4533 630 4612 9,
659 4529 812 4610 ,16666611
838 4529 865 4608 Ι,
891 4532 920 4610 8,
946 4530 1004 4612 21,
1030 4535 1062 4589 61
1090 4525 1214 4606 ,1666611
1245 4523 1289 4606 ΙΙ,
1310 4527 1338 4606 7,
1357 4525 1397 4608 8,

119 4633 145 4713 Ι,
175 4633 224 4714 13,
250 4636 290 4698 26
315 4635 445 4698 notione
472 4640 613 4718 ,amor“.

274 4823 426 4961 s.

214 4966 264 5035 s
