<?xml version="1.0" encoding="UTF-8"?>
<!DOCTYPE html PUBLIC "-//W3C//DTD XHTML 1.0 Transitional//EN"
    "http://www.w3.org/TR/xhtml1/DTD/xhtml1-transitional.dtd">
<html xmlns="http://www.w3.org/1999/xhtml" xml:lang="en" lang="en">
 <head>
  <title>
</title>
<meta http-equiv="Content-Type" content="text/html;charset=utf-8" />
  <meta name='ocr-system' content='tesseract 3.04.00' />
  <meta name='ocr-capabilities' content='ocr_page ocr_carea ocr_par ocr_line ocrx_word'/>
</head>
<body>
  <div class='ocr_page' id='page_1' title='image "./desyntaxiproper00wagngoog_0008.png"; bbox 0 0 3446 5118; ppageno 0'>
   <div class='ocr_carea' id='block_1_1' title="bbox 129 1029 1415 2198">
    <p class='ocr_par' dir='ltr' id='par_1_1' title="bbox 129 1029 1415 2198">
     <span class='ocr_line' id='line_1_1' title="bbox 238 1029 1411 1120; baseline 0 -21"><span class='ocrx_word' id='word_1_1' title='bbox 238 1031 440 1120; x_wconf 77' lang='lat' dir='ltr'>Quamquam</span> <span class='ocrx_word' id='word_1_2' title='bbox 465 1031 708 1118; x_wconf 83' lang='lat' dir='ltr'>Hertubergius,</span> <span class='ocrx_word' id='word_1_3' title='bbox 739 1031 788 1098; x_wconf 84' lang='lat' dir='ltr'>vir</span> <span class='ocrx_word' id='word_1_4' title='bbox 815 1029 1028 1115; x_wconf 79' lang='lat' dir='ltr'>doctissimus,</span> <span class='ocrx_word' id='word_1_5' title='bbox 1062 1030 1101 1098; x_wconf 89' lang='lat' dir='ltr'>de</span> <span class='ocrx_word' id='word_1_6' title='bbox 1126 1030 1307 1099; x_wconf 76' lang='lat' dir='ltr'>elocutione</span> <span class='ocrx_word' id='word_1_7' title='bbox 1331 1030 1411 1099; x_wconf 88' lang='lat' dir='ltr'>Pro·</span> 
     </span>
     <span class='ocr_line' id='line_1_2' title="bbox 129 1168 1411 1255; baseline 0.002 -23"><span class='ocrx_word' id='word_1_8' title='bbox 129 1171 214 1255; x_wconf 85' lang='lat' dir='ltr'>perti</span> <span class='ocrx_word' id='word_1_9' title='bbox 237 1169 452 1255; x_wconf 74' lang='lat' dir='ltr'>copiosissime</span> <span class='ocrx_word' id='word_1_10' title='bbox 490 1168 648 1249; x_wconf 80' lang='lat' dir='ltr'>disseruit,</span> <span class='ocrx_word' id='word_1_11' title='bbox 685 1168 740 1233; x_wconf 86' lang='lat' dir='ltr'>alii</span> <span class='ocrx_word' id='word_1_12' title='bbox 775 1171 885 1233; x_wconf 87' lang='lat' dir='ltr'>autem</span> <span class='ocrx_word' id='word_1_13' title='bbox 908 1170 1114 1251; x_wconf 81' lang='lat' dir='ltr'>recentiores,</span> <span class='ocrx_word' id='word_1_14' title='bbox 1140 1176 1175 1234; x_wconf 93' lang='lat' dir='ltr'>ut</span> <span class='ocrx_word' id='word_1_15' title='bbox 1197 1169 1411 1254; x_wconf 84' lang='lat' dir='ltr'>Heymunnus</span> 
     </span>
     <span class='ocr_line' id='line_1_3' title="bbox 131 1302 1409 1390; baseline 0.003 -24"><span class='ocrx_word' id='word_1_16' title='bbox 131 1309 163 1367; x_wconf 91' lang='lat' dir='ltr'>et</span> <span class='ocrx_word' id='word_1_17' title='bbox 187 1302 376 1386; x_wconf 86' lang='lat' dir='ltr'>Kuttnerus,</span> <span class='ocrx_word' id='word_1_18' title='bbox 401 1302 440 1368; x_wconf 92' lang='lat' dir='ltr'>de</span> <span class='ocrx_word' id='word_1_19' title='bbox 464 1303 652 1368; x_wconf 82' lang='lat' dir='ltr'>flexionibus</span> <span class='ocrx_word' id='word_1_20' title='bbox 676 1309 708 1366; x_wconf 90' lang='lat' dir='ltr'>et</span> <span class='ocrx_word' id='word_1_21' title='bbox 741 1303 897 1390; x_wconf 82' lang='lat' dir='ltr'>peculiari</span> <span class='ocrx_word' id='word_1_22' title='bbox 926 1304 1125 1388; x_wconf 87' lang='lat' dir='ltr'>singulorum</span> <span class='ocrx_word' id='word_1_23' title='bbox 1154 1305 1326 1371; x_wconf 90' lang='lat' dir='ltr'>verborum</span> <span class='ocrx_word' id='word_1_24' title='bbox 1349 1327 1409 1370; x_wconf 88' lang='lat' dir='ltr'>usu</span> 
     </span>
     <span class='ocr_line' id='line_1_4' title="bbox 131 1432 1413 1526; baseline 0 -24"><span class='ocrx_word' id='word_1_25' title='bbox 131 1439 344 1525; x_wconf 87' lang='lat' dir='ltr'>Propertiano</span> <span class='ocrx_word' id='word_1_26' title='bbox 375 1440 506 1504; x_wconf 90' lang='lat' dir='ltr'>uberius</span> <span class='ocrx_word' id='word_1_27' title='bbox 536 1437 793 1526; x_wconf 84' lang='lat' dir='ltr'>disputaverunt,</span> <span class='ocrx_word' id='word_1_28' title='bbox 829 1443 937 1503; x_wconf 89' lang='lat' dir='ltr'>tamen</span> <span class='ocrx_word' id='word_1_29' title='bbox 961 1437 1046 1503; x_wconf 87' lang='lat' dir='ltr'>haud</span> <span class='ocrx_word' id='word_1_30' title='bbox 1069 1432 1182 1525; x_wconf 83' lang='lat' dir='ltr'>puuoa,</span> <span class='ocrx_word' id='word_1_31' title='bbox 1208 1461 1289 1526; x_wconf 86' lang='lat' dir='ltr'>quae</span> <span class='ocrx_word' id='word_1_32' title='bbox 1314 1443 1354 1504; x_wconf 88' lang='lat' dir='ltr'>et</span> <span class='ocrx_word' id='word_1_33' title='bbox 1372 1438 1413 1504; x_wconf 86' lang='lat' dir='ltr'>ad</span> 
     </span>
     <span class='ocr_line' id='line_1_5' title="bbox 131 1571 1412 1660; baseline 0 -24"><span class='ocrx_word' id='word_1_34' title='bbox 131 1579 250 1637; x_wconf 91' lang='lat' dir='ltr'>reotam</span> <span class='ocrx_word' id='word_1_35' title='bbox 275 1574 450 1657; x_wconf 82' lang='lat' dir='ltr'>elegiarum</span> <span class='ocrx_word' id='word_1_36' title='bbox 474 1574 776 1660; x_wconf 83' lang='lat' dir='ltr'>interpretationem</span> <span class='ocrx_word' id='word_1_37' title='bbox 801 1578 833 1637; x_wconf 91' lang='lat' dir='ltr'>et</span> <span class='ocrx_word' id='word_1_38' title='bbox 857 1572 897 1637; x_wconf 84' lang='lat' dir='ltr'>ud</span> <span class='ocrx_word' id='word_1_39' title='bbox 913 1593 1016 1657; x_wconf 85' lang='lat' dir='ltr'>genus</span> <span class='ocrx_word' id='word_1_40' title='bbox 1029 1571 1158 1636; x_wconf 90' lang='lat' dir='ltr'>dioendi</span> <span class='ocrx_word' id='word_1_41' title='bbox 1180 1571 1274 1636; x_wconf 87' lang='lat' dir='ltr'>huius</span> <span class='ocrx_word' id='word_1_42' title='bbox 1297 1579 1412 1659; x_wconf 89' lang='lat' dir='ltr'>poetae</span> 
     </span>
     <span class='ocr_line' id='line_1_6' title="bbox 130 1678 1410 1794; baseline -0.001 -22"><span class='ocrx_word' id='word_1_43' title='bbox 130 1709 310 1774; x_wconf 88' lang='lat' dir='ltr'>aoouratius</span> <span class='ocrx_word' id='word_1_44' title='bbox 344 1707 603 1794; x_wconf 81' lang='lat' dir='ltr'>cognoscendum</span> <span class='ocrx_word' id='word_1_45' title='bbox 638 1709 785 1774; x_wconf 80' lang='lat' dir='ltr'>conferre</span> <span class='ocrx_word' id='word_1_46' title='bbox 820 1708 952 1794; x_wconf 83' lang='lat' dir='ltr'>possint,</span> <span class='ocrx_word' id='word_1_47' title='bbox 992 1705 1096 1772; x_wconf 89' lang='lat' dir='ltr'>adhue</span> <span class='ocrx_word' id='word_1_48' title='bbox 1121 1705 1298 1772; x_wconf 86' lang='lat' dir='ltr'>desiderari</span> <span class='ocrx_word' id='word_1_49' title='bbox 1318 1678 1410 1772; x_wconf 71' lang='lat' dir='ltr'>⁴ratus</span> 
     </span>
     <span class='ocr_line' id='line_1_7' title="bbox 131 1841 1415 1929; baseline 0.001 -22"><span class='ocrx_word' id='word_1_50' title='bbox 131 1863 170 1907; x_wconf 91' lang='lat' dir='ltr'>ea</span> <span class='ocrx_word' id='word_1_51' title='bbox 193 1863 274 1929; x_wconf 88' lang='lat' dir='ltr'>quae</span> <span class='ocrx_word' id='word_1_52' title='bbox 297 1843 400 1928; x_wconf 83' lang='lat' dir='ltr'>magis</span> <span class='ocrx_word' id='word_1_53' title='bbox 423 1841 463 1908; x_wconf 89' lang='lat' dir='ltr'>ad</span> <span class='ocrx_word' id='word_1_54' title='bbox 488 1845 641 1929; x_wconf 83' lang='lat' dir='ltr'>syntaxiu</span> <span class='ocrx_word' id='word_1_55' title='bbox 665 1865 762 1929; x_wconf 89' lang='lat' dir='ltr'>quam</span> <span class='ocrx_word' id='word_1_56' title='bbox 786 1841 827 1907; x_wconf 85' lang='lat' dir='ltr'>ud</span> <span class='ocrx_word' id='word_1_57' title='bbox 848 1843 967 1907; x_wconf 87' lang='lat' dir='ltr'>formas</span> <span class='ocrx_word' id='word_1_58' title='bbox 995 1849 1028 1906; x_wconf 90' lang='lat' dir='ltr'>et</span> <span class='ocrx_word' id='word_1_59' title='bbox 1044 1842 1085 1908; x_wconf 89' lang='lat' dir='ltr'>ad</span> <span class='ocrx_word' id='word_1_60' title='bbox 1101 1864 1282 1909; x_wconf 89' lang='lat' dir='ltr'>sermonem</span> <span class='ocrx_word' id='word_1_61' title='bbox 1299 1864 1415 1910; x_wconf 90' lang='lat' dir='ltr'>ornan-</span> 
     </span>
     <span class='ocr_line' id='line_1_8' title="bbox 133 1975 1413 2063; baseline 0.002 -25"><span class='ocrx_word' id='word_1_62' title='bbox 133 1976 208 2042; x_wconf 92' lang='lat' dir='ltr'>dum</span> <span class='ocrx_word' id='word_1_63' title='bbox 232 1977 395 2063; x_wconf 89' lang='lat' dir='ltr'>pertinent</span> <span class='ocrx_word' id='word_1_64' title='bbox 419 1977 465 2040; x_wconf 92' lang='lat' dir='ltr'>ita</span> <span class='ocrx_word' id='word_1_65' title='bbox 489 1997 680 2063; x_wconf 83' lang='lat' dir='ltr'>componere</span> <span class='ocrx_word' id='word_1_66' title='bbox 705 1997 802 2042; x_wconf 88' lang='lat' dir='ltr'>ausus</span> <span class='ocrx_word' id='word_1_67' title='bbox 826 1999 906 2057; x_wconf 89' lang='lat' dir='ltr'>sum,</span> <span class='ocrx_word' id='word_1_68' title='bbox 941 1981 977 2040; x_wconf 89' lang='lat' dir='ltr'>ut</span> <span class='ocrx_word' id='word_1_69' title='bbox 1001 1976 1124 2041; x_wconf 85' lang='lat' dir='ltr'>auxilio</span> <span class='ocrx_word' id='word_1_70' title='bbox 1150 1975 1413 2063; x_wconf 83' lang='lat' dir='ltr'>disputationum,</span> 
     </span>
     <span class='ocr_line' id='line_1_9' title="bbox 133 2108 1413 2198; baseline 0.002 -25"><span class='ocrx_word' id='word_1_71' title='bbox 133 2131 215 2195; x_wconf 90' lang='lat' dir='ltr'>quae</span> <span class='ocrx_word' id='word_1_72' title='bbox 239 2108 279 2173; x_wconf 93' lang='lat' dir='ltr'>de</span> <span class='ocrx_word' id='word_1_73' title='bbox 303 2130 450 2175; x_wconf 87' lang='lat' dir='ltr'>sermone</span> <span class='ocrx_word' id='word_1_74' title='bbox 475 2111 613 2176; x_wconf 87' lang='lat' dir='ltr'>aliorum</span> <span class='ocrx_word' id='word_1_75' title='bbox 636 2111 722 2174; x_wconf 93' lang='lat' dir='ltr'>illius</span> <span class='ocrx_word' id='word_1_76' title='bbox 745 2111 860 2175; x_wconf 86' lang='lat' dir='ltr'>aetatis</span> <span class='ocrx_word' id='word_1_77' title='bbox 883 2116 1053 2198; x_wconf 86' lang='lat' dir='ltr'>poetarum</span> <span class='ocrx_word' id='word_1_78' title='bbox 1069 2111 1207 2197; x_wconf 88' lang='lat' dir='ltr'>soriptae</span> <span class='ocrx_word' id='word_1_79' title='bbox 1232 2118 1314 2192; x_wconf 87' lang='lat' dir='ltr'>sunt,</span> <span class='ocrx_word' id='word_1_80' title='bbox 1340 2133 1413 2196; x_wconf 86' lang='lat' dir='ltr'>syn-</span> 
     </span>
    </p>
   </div>
   <div class='ocr_carea' id='block_1_2' title="bbox 131 2243 1415 2332">
    <p class='ocr_par' dir='ltr' id='par_1_2' title="bbox 131 2243 1415 2332">
     <span class='ocr_line' id='line_1_10' title="bbox 131 2243 1415 2332; baseline 0.002 -25"><span class='ocrx_word' id='word_1_81' title='bbox 131 2244 283 2309; x_wconf 89' lang='lat' dir='ltr'>taetieum</span> <span class='ocrx_word' id='word_1_82' title='bbox 309 2281 347 2288; x_wconf 93' lang='lat'>-</span> <span class='ocrx_word' id='word_1_83' title='bbox 373 2251 410 2309; x_wconf 90' lang='lat' dir='ltr'>ut</span> <span class='ocrx_word' id='word_1_84' title='bbox 443 2245 489 2309; x_wconf 87' lang='lat' dir='ltr'>ita</span> <span class='ocrx_word' id='word_1_85' title='bbox 521 2243 625 2309; x_wconf 90' lang='lat' dir='ltr'>dioam</span> <span class='ocrx_word' id='word_1_86' title='bbox 649 2279 690 2290; x_wconf 87' lang='lat'>—-</span> <span class='ocrx_word' id='word_1_87' title='bbox 726 2266 820 2309; x_wconf 91' lang='lat' dir='ltr'>usum</span> <span class='ocrx_word' id='word_1_88' title='bbox 842 2245 1092 2332; x_wconf 84' lang='lat' dir='ltr'>Propertiunum</span> <span class='ocrx_word' id='word_1_89' title='bbox 1127 2267 1200 2310; x_wconf 90' lang='lat' dir='ltr'>oum</span> <span class='ocrx_word' id='word_1_90' title='bbox 1232 2245 1415 2331; x_wconf 83' lang='lat' dir='ltr'>aequalium</span> 
     </span>
    </p>
   </div>
   <div class='ocr_carea' id='block_1_3' title="bbox 132 2377 1414 2464">
    <p class='ocr_par' dir='ltr' id='par_1_3' title="bbox 132 2377 1414 2464">
     <span class='ocr_line' id='line_1_11' title="bbox 132 2377 1414 2464; baseline 0.002 -24"><span class='ocrx_word' id='word_1_91' title='bbox 132 2381 163 2440; x_wconf 91' lang='lat' dir='ltr'>et</span> <span class='ocrx_word' id='word_1_92' title='bbox 185 2377 400 2462; x_wconf 90' lang='lat' dir='ltr'>posteriorum</span> <span class='ocrx_word' id='word_1_93' title='bbox 425 2389 646 2464; x_wconf 79' lang='lat' dir='ltr'>compararem</span> <span class='ocrx_word' id='word_1_94' title='bbox 668 2384 701 2441; x_wconf 88' lang='lat' dir='ltr'>et</span> <span class='ocrx_word' id='word_1_95' title='bbox 724 2377 897 2464; x_wconf 83' lang='lat' dir='ltr'>praecipue</span> <span class='ocrx_word' id='word_1_96' title='bbox 922 2377 954 2440; x_wconf 93' lang='lat' dir='ltr'>in</span> <span class='ocrx_word' id='word_1_97' title='bbox 979 2397 1025 2458; x_wconf 90' lang='lat' dir='ltr'>ea,</span> <span class='ocrx_word' id='word_1_98' title='bbox 1060 2397 1143 2462; x_wconf 89' lang='lat' dir='ltr'>quae</span> <span class='ocrx_word' id='word_1_99' title='bbox 1167 2377 1317 2464; x_wconf 89' lang='lat' dir='ltr'>Properti</span> <span class='ocrx_word' id='word_1_100' title='bbox 1340 2399 1414 2464; x_wconf 92' lang='lat' dir='ltr'>pro·</span> 
     </span>
    </p>
   </div>
   <div class='ocr_carea' id='block_1_4' title="bbox 131 2511 1417 3264">
    <p class='ocr_par' dir='ltr' id='par_1_4' title="bbox 131 2511 747 2597">
     <span class='ocr_line' id='line_1_12' title="bbox 131 2511 747 2597; baseline 0.006 -24"><span class='ocrx_word' id='word_1_101' title='bbox 131 2511 202 2597; x_wconf 89' lang='lat' dir='ltr'>pria</span> <span class='ocrx_word' id='word_1_102' title='bbox 225 2516 309 2593; x_wconf 87' lang='lat' dir='ltr'>sunt,</span> <span class='ocrx_word' id='word_1_103' title='bbox 335 2513 518 2577; x_wconf 85' lang='lat' dir='ltr'>aoouratius</span> <span class='ocrx_word' id='word_1_104' title='bbox 541 2512 747 2597; x_wconf 89' lang='lat' dir='ltr'>inquirerem.</span> 
     </span>
    </p>

    <p class='ocr_par' dir='ltr' id='par_1_5' title="bbox 132 2642 1417 2994">
     <span class='ocr_line' id='line_1_13' title="bbox 242 2642 1412 2728; baseline 0.001 -20"><span class='ocrx_word' id='word_1_105' title='bbox 242 2644 315 2720; x_wconf 83' lang='lat' dir='ltr'>Qua</span> <span class='ocrx_word' id='word_1_106' title='bbox 338 2645 372 2707; x_wconf 93' lang='lat' dir='ltr'>in</span> <span class='ocrx_word' id='word_1_107' title='bbox 395 2665 430 2708; x_wconf 87' lang='lat' dir='ltr'>re</span> <span class='ocrx_word' id='word_1_108' title='bbox 455 2642 600 2709; x_wconf 89' lang='lat' dir='ltr'>ordinem</span> <span class='ocrx_word' id='word_1_109' title='bbox 624 2650 656 2709; x_wconf 91' lang='lat' dir='ltr'>et</span> <span class='ocrx_word' id='word_1_110' title='bbox 680 2645 841 2709; x_wconf 87' lang='lat' dir='ltr'>rationem</span> <span class='ocrx_word' id='word_1_111' title='bbox 864 2644 939 2708; x_wconf 88' lang='lat' dir='ltr'>libri</span> <span class='ocrx_word' id='word_1_112' title='bbox 963 2666 982 2708; x_wconf 91' lang='lat' dir='ltr'>a</span> <span class='ocrx_word' id='word_1_113' title='bbox 1006 2645 1170 2728; x_wconf 84' lang='lat' dir='ltr'>Draegero</span> <span class='ocrx_word' id='word_1_114' title='bbox 1194 2666 1319 2710; x_wconf 86' lang='lat' dir='ltr'>summa</span> <span class='ocrx_word' id='word_1_115' title='bbox 1342 2645 1412 2710; x_wconf 93' lang='lat' dir='ltr'>dili-</span> 
     </span>
     <span class='ocr_line' id='line_1_14' title="bbox 132 2775 1417 2864; baseline 0.003 -26"><span class='ocrx_word' id='word_1_116' title='bbox 132 2775 242 2858; x_wconf 83' lang='lat' dir='ltr'>gentia</span> <span class='ocrx_word' id='word_1_117' title='bbox 265 2775 435 2858; x_wconf 89' lang='lat' dir='ltr'>elaborati,</span> <span class='ocrx_word' id='word_1_118' title='bbox 460 2778 515 2862; x_wconf 94' lang='lat' dir='ltr'>qui</span> <span class='ocrx_word' id='word_1_119' title='bbox 539 2777 736 2859; x_wconf 80' lang='lat' dir='ltr'>inscribitur,</span> <span class='ocrx_word' id='word_1_120' title='bbox 761 2776 971 2859; x_wconf 85' lang='lat' dir='ltr'>„historisehe</span> <span class='ocrx_word' id='word_1_121' title='bbox 989 2777 1116 2864; x_wconf 81' lang='lat' dir='ltr'>Syntax</span> <span class='ocrx_word' id='word_1_122' title='bbox 1133 2776 1190 2841; x_wconf 89' lang='lat' dir='ltr'>der</span> <span class='ocrx_word' id='word_1_123' title='bbox 1207 2777 1417 2844; x_wconf 78' lang='lat' dir='ltr'>lateinischeu</span> 
     </span>
     <span class='ocr_line' id='line_1_15' title="bbox 133 2907 831 2994; baseline 0.007 -23"><span class='ocrx_word' id='word_1_124' title='bbox 133 2907 308 2994; x_wconf 80' lang='lat' dir='ltr'>Sproohe“,</span> <span class='ocrx_word' id='word_1_125' title='bbox 334 2908 366 2970; x_wconf 94' lang='lat' dir='ltr'>iu</span> <span class='ocrx_word' id='word_1_126' title='bbox 389 2910 576 2974; x_wconf 90' lang='lat' dir='ltr'>universum</span> <span class='ocrx_word' id='word_1_127' title='bbox 600 2917 728 2975; x_wconf 87' lang='lat' dir='ltr'>seoutus</span> <span class='ocrx_word' id='word_1_128' title='bbox 751 2932 831 2976; x_wconf 89' lang='lat' dir='ltr'>sum.</span> 
     </span>
    </p>

    <p class='ocr_par' dir='ltr' id='par_1_6' title="bbox 137 3039 1415 3264">
     <span class='ocr_line' id='line_1_16' title="bbox 238 3039 1415 3129; baseline 0.004 -25"><span class='ocrx_word' id='word_1_129' title='bbox 238 3040 277 3104; x_wconf 92' lang='lat' dir='ltr'>In</span> <span class='ocrx_word' id='word_1_130' title='bbox 312 3039 481 3107; x_wconf 84' lang='lat' dir='ltr'>laudandis</span> <span class='ocrx_word' id='word_1_131' title='bbox 515 3043 594 3109; x_wconf 86' lang='lat' dir='ltr'>loeis</span> <span class='ocrx_word' id='word_1_132' title='bbox 628 3045 768 3109; x_wconf 88' lang='lat' dir='ltr'>numeris</span> <span class='ocrx_word' id='word_1_133' title='bbox 803 3067 879 3109; x_wconf 89' lang='lat' dir='ltr'>usus</span> <span class='ocrx_word' id='word_1_134' title='bbox 914 3066 985 3108; x_wconf 91' lang='lat' dir='ltr'>sum</span> <span class='ocrx_word' id='word_1_135' title='bbox 1016 3042 1167 3112; x_wconf 88' lang='lat' dir='ltr'>editionis</span> <span class='ocrx_word' id='word_1_136' title='bbox 1182 3043 1229 3110; x_wconf 67' lang='lat' dir='ltr'>L.</span> <span class='ocrx_word' id='word_1_137' title='bbox 1255 3044 1415 3129; x_wconf 86' lang='lat' dir='ltr'>Muelleri,</span> 
     </span>
     <span class='ocr_line' id='line_1_17' title="bbox 137 3175 1415 3264; baseline 0.002 -24"><span class='ocrx_word' id='word_1_138' title='bbox 137 3180 305 3262; x_wconf 86' lang='lat' dir='ltr'>praeterea</span> <span class='ocrx_word' id='word_1_139' title='bbox 328 3176 361 3241; x_wconf 91' lang='lat' dir='ltr'>in</span> <span class='ocrx_word' id='word_1_140' title='bbox 386 3176 583 3243; x_wconf 82' lang='lat' dir='ltr'>elaboranda</span> <span class='ocrx_word' id='word_1_141' title='bbox 614 3178 832 3264; x_wconf 89' lang='lat' dir='ltr'>disputatione</span> <span class='ocrx_word' id='word_1_142' title='bbox 862 3175 995 3241; x_wconf 90' lang='lat' dir='ltr'>adhibui</span> <span class='ocrx_word' id='word_1_143' title='bbox 1028 3178 1172 3264; x_wconf 88' lang='lat' dir='ltr'>inprimis</span> <span class='ocrx_word' id='word_1_144' title='bbox 1206 3178 1415 3261; x_wconf 84' lang='lat' dir='ltr'>Laohmauni,</span> 
     </span>
    </p>
   </div>
   <div class='ocr_carea' id='block_1_5' title="bbox 135 3307 729 3393">
    <p class='ocr_par' dir='ltr' id='par_1_7' title="bbox 135 3307 729 3393">
     <span class='ocr_line' id='line_1_18' title="bbox 135 3307 729 3393; baseline 0.015 -23"><span class='ocrx_word' id='word_1_145' title='bbox 135 3307 339 3393; x_wconf 84' lang='lat' dir='ltr'>Hertubergi,</span> <span class='ocrx_word' id='word_1_146' title='bbox 363 3310 539 3375; x_wconf 85' lang='lat' dir='ltr'>Baehrensi</span> <span class='ocrx_word' id='word_1_147' title='bbox 563 3310 729 3379; x_wconf 88' lang='lat' dir='ltr'>editiones.</span> 
     </span>
    </p>
   </div>
   <div class='ocr_carea' id='block_1_6' title="bbox 0 0 1741 5118">
    <p class='ocr_par' dir='ltr' id='par_1_8' title="bbox 0 0 1741 5118">
     <span class='ocr_line' id='line_1_19' title="bbox 0 0 1741 5118; baseline 0 0"><span class='ocrx_word' id='word_1_148' title='bbox 0 0 1741 5118; x_wconf 95' lang='lat' dir='ltr'> </span> 
     </span>
    </p>
   </div>
  </div>
 </body>
</html>
