3446 5118
689 315 906 382 ..39-

269 511 374 588 Quem
388 532 482 576 usum
498 511 654 594 Catullus,
679 512 733 600 qui
751 513 880 580 omnino
896 515 1055 602 particula
1072 537 1110 598 „a
1122 515 1157 581 t“
1173 536 1306 603 perraro
1328 519 1440 599 utitur,

159 619 257 708 plane
290 618 419 686 videtur
453 621 600 700 evitasse,
635 641 706 688 cum
741 620 829 709 apud
863 622 1037 705 Tibullum,
1071 625 1124 690 eui
1148 623 1330 692 coniunctio
1357 627 1437 706 ,at“

160 727 334 814 praecipue
366 727 400 792 in
428 728 587 815 principio
616 749 726 794 versus
753 729 885 795 notione
915 729 1120 796 exhortativa
1149 731 1357 796 usitatissima
1380 737 1439 812 est,

160 833 255 901 huius
277 836 496 924 usurpationis
520 836 670 924 exempla
693 857 790 923 saepe
813 836 1029 920 inveniantur,
1056 838 1114 906 cfr.
1138 838 1164 922 I,
1189 843 1218 922 3,
1242 841 1300 925 633
1325 839 1385 923 873
1411 840 1440 921 7,

162 942 200 1026 73
225 942 255 1025 9,
279 945 321 1008 53
345 949 406 1011 eto.

265 1050 294 1115 E
311 1048 457 1137 Vergilio
469 1051 1439 1142 multosaffertDraegerusloooshucpertinenteslI,p.1*15.

266 1157 416 1244 Denique
448 1181 662 1226 commemoro
695 1161 794 1226 semel
826 1161 880 1246 (V,
917 1163 945 1244 7,
979 1166 1020 1230 29
1057 1163 1102 1243 ,si
1125 1163 1231 1250 piguit
1252 1158 1437 1251 procedere,

159 1271 193 1329 at
208 1265 366 1351 iussisses)
387 1268 579 1355 particulam
598 1269 668 1348 ,at“
687 1268 721 1333 in
737 1268 870 1356 apodosi
886 1271 1046 1336 enuntiati
1063 1269 1291 1336 condicionalis
1307 1271 1439 1338 notione

163 1375 308 1450 ,tamen“
334 1379 519 1461 usurpatam
543 1395 622 1456 esse,
646 1395 728 1461 quae
752 1381 914 1441 structura
938 1377 1038 1442 ctiam
1057 1375 1144 1464 apud
1161 1377 1333 1460 catullum,
1357 1375 1440 1441 Ver·

159 1476 280 1562 gilium,
306 1479 457 1548 Ovidium
480 1480 665 1568 singillatim
688 1483 836 1548 occurrit.
883 1482 964 1567 (Otr.
988 1482 1109 1568 Draeg.
1133 1481 1178 1550 ΙΙ.
1202 1505 1233 1569 p.
1262 1481 1337 1567 114)

266 1587 335 1655 Iam
358 1589 476 1656 accedo
499 1588 540 1656 ad
563 1589 764 1658 tractandam
786 1590 959 1656 verborum
983 1590 1237 1658 collocationem.

487 1866 548 1934 De
575 1865 801 1936 verborum
828 1865 1104 1937 collocatione.

265 2017 360 2083 Hanc
384 2016 608 2106 disputationis
631 2039 722 2085 meae
745 2027 871 2107 partem
893 2020 939 2084 ita
962 2018 1095 2101 institui,
1126 2023 1163 2081 ut
1186 2017 1340 2104 Properti
1364 2035 1440 2082 con·

158 2125 374 2193 suetudinem·
399 2147 471 2192 oum
505 2126 642 2210 Tibulli,
677 2149 773 2214 quem
807 2129 841 2193 in
870 2127 931 2192 hac
954 2147 989 2192 re
1014 2149 1137 2192 summa
1160 2147 1254 2190 usum
1277 2145 1347 2190 esse
1366 2143 1440 2190 oon·

159 2239 223 2301 stat
244 2233 385 2316 licentia,
409 2256 638 2323 compararem.

264 2342 315 2410 Ac
337 2344 477 2429 primum
500 2345 533 2409 in
556 2344 742 2410 universum
764 2344 845 2410 illud
868 2364 984 2410 moneo
1007 2343 1202 2409 adiectivum
1223 2343 1291 2412 fere
1312 2361 1439 2426 semper
1492 2421 1495 2427 Ι

160 2470 224 2515 uno
247 2450 300 2514 vel
322 2450 539 2538 compluribus
562 2451 706 2516 distineri
728 2452 894 2518 vocabulis
917 2475 936 2516 a
957 2473 1015 2518 suo
1032 2451 1232 2517 substantivo
1257 2454 1289 2514 et
1312 2449 1346 2513 in
1368 2468 1439 2512 ver-

159 2557 256 2640 sibus,
278 2557 335 2624 ubi
357 2557 422 2625 duo
445 2560 644 2626 substantiva
668 2581 741 2624 curn
764 2559 931 2626 adiectivis
954 2561 1063 2625 iuncta
1087 2564 1181 2640 sunt,
1207 2577 1309 2621 unum
1331 2553 1450 2620 adico·

160 2665 261 2730 tivum
284 2665 386 2732 altero
410 2667 613 2734 substantivo
638 2673 694 2733 aut
710 2668 778 2733 solo
795 2674 850 2732 aut
867 2689 939 2732 oum
954 2665 1114 2733 adiectiro
1131 2664 1282 2752 copulato
1301 2662 1440 2746 disiungi

159 2793 258 2838 asuo
282 2773 492 2857 substantivo,
516 2797 598 2861 quae
621 2776 789 2842 collocatio
814 2776 982 2863 multiplici
997 2774 1092 2841 modo
1109 2773 1264 2842 variatur.

265 2879 374 2966 ltaque
398 2880 439 2948 ad
463 2882 545 2948 hano
569 2904 637 2949 rem
664 2882 780 2948 clarius
802 2881 1060 2970 perspiciendam
1083 2887 1191 2947 certas
1214 2877 1368 2944 formulas
1393 2878 1439 2942 ita

159 2984 313 3052 adhibere
337 2990 443 3072 statui,
466 2995 502 3056 ut
525 2989 685 3057 adiectiva
709 2991 897 3056 attributiva
919 2991 973 3056 vel
995 2988 1187 3077 pronomina
1200 2988 1252 3052 vel
1268 2985 1439 3074 participia

159 3091 387 3160 adiectivorum
410 3119 543 3166 munere
559 3098 728 3184 iungentia
751 3104 784 3164 et
807 3098 1018 3180 substantiva,
1035 3096 1076 3160 ad
1093 3116 1174 3182 quae
1191 3093 1247 3159 illa
1262 3094 1438 3181 pertinent,

157 3198 272 3267 litteris
295 3225 314 3266 a
338 3210 371 3269 ct
392 3228 408 3269 s
432 3205 552 3271 eisdem
574 3207 716 3272 numeris
743 3209 759 3271 1
778 3213 816 3271 -et
841 3209 860 3272 2
886 3206 1048 3271 instructis
1072 3203 1296 3287 significarem.

268 3309 339 3384 Qua
361 3331 395 3376 re
419 3313 504 3379 facta
527 3314 755 3380 vocabulorum
771 3314 1017 3381 collocationem
1033 3312 1119 3388 hisee
1136 3316 1209 3376 octo
1225 3307 1439 3375 schematibus

160 3415 326 3504 exprimo:

224 3524 251 3592 Ι.
277 3525 597 3593 a¹a2s2s¹ve1ut
628 3529 654 3610 I,
686 3531 759 3611 2,2
796 3535 928 3609 ,tenues
958 3529 1025 3594 Ooa
1051 3532 1142 3592 veste
1166 3545 1297 3592 movere
1321 3524 1439 3591 sinus“.

210 3631 566 3703 11.s1a2s²a²0fr.
596 3635 640 3718 II,
671 3639 700 3719 9,
736 3637 774 3702 11
813 3634 996 3717 ,dominum
1026 3635 1105 3702 lavit
1136 3655 1283 3700 maerens
1314 3633 1442 3719 captiva

507 3741 706 3811 cruentum“.

192 3846 255 3914 ΙΙΙ.
280 3848 317 3911 al
339 3849 375 3912 a2
399 3850 431 3914 s¹
454 3851 486 3914 ,a
510 3852 566 3919 cfr.
583 3852 628 3934 II,
644 3854 672 3935 6,
685 3855 726 3918 36
743 3853 804 3933 ,Et
817 3852 903 3917 mala
918 3852 1063 3919 desertos
1076 3857 1211 3938 occupat
1220 3848 1321 3914 herba
1332 3847 1440 3914 deos¹‘.

195 3953 255 4022 IV.
280 3955 317 4020 a¹
339 3956 371 4020 ,a
395 3957 431 4022 a2
455 3958 487 4023 s¹
511 3959 566 4026 cfr.
592 3959 654 4042 III,
679 3961 708 4042 5,
731 3962 773 4025 22
803 3962 937 4041 ,florent
960 3961 1069 4026 Phthii
1084 3961 1180 4026 busta
1196 3963 1332 4024 eruenta
1347 3955 1440 4022 vi'ri“.

208 4061 248 4129 V.
273 4063 306 4126 s1
330 4065 367 4130 aa
391 4065 427 4130 a¹
448 4066 481 4130 s2
505 4068 561 4135 cfr.
587 4067 754 4150 111,5,13
775 4069 977 4155 ,Osculaque
994 4070 1027 4134 in
1042 4066 1157 4153 gelidis
1173 4087 1274 4156 pones
1292 4084 1442 4151 suprema

505 4175 654 4242 libellis‘.

192 4278 251 4345 VI.
277 4281 309 4344 s¹
332 4282 364 4346 s²
385 4283 422 4349 a²
445 4284 482 4349 a¹
506 4284 563 4353 cfr.
587 4285 614 4367 I,
634 4286 661 4369 l,
679 4286 720 4351 74
741 4285 802 4366 ,Et
818 4287 904 4352 vitae
927 4292 960 4350 et
975 4285 1071 4352 morti
1092 4285 1197 4372 gloria
1217 4284 1302 4351 iusta
1317 4283 1441 4348 meae“.

180 4385 255 4453 Vll.
280 4388 312 4452 s¹
336 4389 369 4454 s²
393 4391 429 4454 a¹
453 4391 488 4456 a²
512 4392 569 4459 cfr.
581 4391 643 4475 Ill,
655 4393 737 4476 7,10
751 4393 971 4475 ,Osculasunt
981 4392 1080 4458 labris
1092 4398 1201 4459 nostra
1212 4398 1337 4458 morata
1347 4390 1442 4458 tuis“.

159 4492 251 4567 VIII.
276 4497 312 4566 a¹
337 4497 368 4564 s2
391 4498 423 4562 s¹
446 4499 483 4564 a2
506 4498 563 4567 cfr.
589 4499 632 4582 Il,
657 4502 687 4583 4,
711 4503 730 4564 5
752 4501 822 4582 ,Sic
838 4502 940 4590 primo
957 4502 1090 4568 iuvenes
1107 4498 1270 4588 trepidant
1286 4499 1319 4563 in
1333 4519 1442 4565 amore

503 4609 658 4676 seroces“.
