3446 5118
675 316 915 412 '-2r-

162 541 254 608 rendi
290 548 374 624 sunl,
407 541 503 628 quod,
541 542 617 628 quin
653 565 718 608 non
753 544 993 628 interrogativa,
1030 541 1086 608 sed
1119 541 1255 608 relativa
1279 543 1448 608 enuntiata

164 649 237 731 sint,
262 671 329 714 non
353 648 547 714 dubitamus.

269 757 343 821 Hoc
366 778 424 820 usn
448 756 639 842 Propertius
663 757 797 821 multum
821 756 982 841 discrepat
1006 777 1025 820 a
1049 779 1194 822 sermone
1229 758 1373 844 priorum
1398 765 1445 822 at-

163 885 226 950 que
250 863 430 950 aequalium
457 870 636 948 poetarum.
661 865 754 945 Nam,
781 885 851 929 cum
875 863 961 951 apud
986 864 1107 950 priscos
1135 866 1306 950 scriptores
1329 865 1448 930 latinos

163 993 258 1058 saepe
300 976 413 1057 aperta
454 970 592 1056 quadam
636 971 834 1057 paralactioa
878 977 1040 1036 structura
1082 970 1274 1036 indicativus
1323 973 1448 1060 positus

163 1081 204 1143 sit
240 1078 370 1161 (Draeg.
405 1077 448 1142 Π.
481 1099 511 1163 p.
537 1077 626 1161 461),
660 1077 746 1164 apud
769 1077 955 1144 Lucretium
993 1076 1061 1161 (cfr.
1086 1078 1203 1143 Hcltze
1239 1087 1322 1164 synt.
1346 1078 1445 1144 Lucr.

166 1187 223 1250 lin.
265 1208 295 1270 p.
333 1182 407 1268 140)
440 1184 564 1249 nullum
594 1186 758 1250 invenitur
792 1185 985 1272 exemplum,
1019 1184 1105 1270 apud
1143 1185 1315 1268 Catullum,
1351 1207 1447 1270 quem

164 1292 318 1357 directam
342 1297 537 1357 structuram
560 1293 655 1378 plane
685 1294 822 1358 evitasse
849 1293 929 1357 falso
954 1291 1032 1357 dicit
1055 1293 1212 1359 Wolll'ius
1246 1291 1298 1376 (de
1335 1299 1446 1358 enunt.

164 1400 317 1484 interrog.
342 1421 392 1486 ap.
418 1399 487 1466 Cat.
514 1405 574 1464 414.
598 1422 629 1486 p.
656 1397 711 1483 39)
737 1401 817 1466 hoo:
853 1401 904 1481 62,
946 1401 985 1464 12
1018 1400 1191 1486 „Aspicite
1214 1402 1371 1486 innuptae
1397 1420 1448 1464 sec

163 1529 219 1571 um
253 1513 289 1572 ut
321 1507 477 1572 meditata
511 1507 712 1592 requirunt.“
755 1507 905 1572 Alterum
941 1507 1060 1572 Catulli
1092 1507 1278 1594 exemplum
1318 1510 1368 1588 69,
1409 1509 1448 1574 10

171 1613 343 1694 „admirari
375 1614 496 1696 desine,
532 1633 587 1678 our
620 1614 802 1699 fugiunt“¹)
840 1615 942 1699 magis
975 1615 1146 1680 relativum
1179 1636 1275 1700 quam
1310 1615 1447 1679 interro·

164 1721 306 1804 gativum
331 1721 465 1806 praebet
489 1721 700 1788 enuntiatum.

271 1827 417 1891 Tibullus
442 1826 540 1890 semel
564 1826 622 1908 (ΙΙ,
639 1827 668 1908 4,
690 1827 754 1910 18),
780 1829 908 1913 saepius
924 1827 1090 1912 Vergilius
1107 1830 1281 1895 indicativo
1297 1831 1329 1893 in
1347 1851 1448 1894 enun-

165 1936 253 2000 tiatis
269 1935 510 2019 interrogativis
527 1935 665 2020 obliquis
681 1957 757 1999 usus
774 1943 831 2018 est,
856 1955 928 2000 cunr
945 1935 1034 2021 apud
1051 1937 1203 2002 Ovidium
1219 1959 1269 2003 me
1287 1960 1446 2024 nusquam

165 2041 260 2106 huius
297 2064 373 2107 usus
407 2041 592 2127 exemplum
624 2043 769 2128 reperire
803 2044 1013 2111 meminerim.
1061 2044 1198 2110 Duobus
1230 2045 1326 2126 locis,
1364 2067 1445 2130 quos

165 2149 352 2235 chrgilio
376 2149 484 2213 attulit
507 2148 694 2234 Draegcrus
730 2148 786 2233 (11.
819 2172 850 2235 p.
883 2150 971 2233 474),
1005 2151 1089 2216 addo
1120 2153 1215 2216 alios:
1240 2153 1341 2236 eclog.
1368 2153 1398 2234 5,
1425 2154 1443 2217 6

164 2278 209 2341 aq.
238 2257 374 2342 „aspice7
401 2263 436 2320 ut
460 2257 615 2340 sparsit“3
651 2259 680 2338 8,
708 2259 790 2340 1073
815 2277 925 2344 georg.
952 2261 982 2339 2,
1011 2261 1072 2324 lov
1101 2259 1254 2340 „discere
1288 2261 1344 2324 ubi
1369 2312 1376 2326 .
1403 2311 1410 2326 .
1439 2311 1445 2325 .

166 2362 278 2426 incidit
302 2363 429 2429 eurus“.

272 2470 421 2556 Denique
446 2471 603 2535 Horatius
626 2472 666 2535 ab
691 2472 753 2535 illis
777 2472 912 2557 legibus,
939 2494 1018 2558 quas
1035 2475 1208 2560 scriptores
1223 2495 1342 2540 aureae
1360 2476 1445 2540 litte·

165 2597 273 2641 rarum
307 2579 422 2642 aetatis
457 2579 559 2642 secuti
591 2585 682 2660 sunt,
719 2601 784 2645 non
814 2580 949 2647 recedit.
995 2581 1061 2646 Ubi
1085 2583 1171 2646 enim
1195 2583 1228 2645 in
1252 2583 1447 2646 carminibus

165 2685 234 2746 eius
257 2685 468 2768 interrogatio
493 2685 616 2753 directa
640 2709 698 2772 pro
725 2688 854 2774 obliqua
879 2689 1034 2770 occurrit,
1069 2691 1171 2754 oratio
1196 2695 1260 2753 tam
1285 2691 1446 2754 concitata

164 2797 222 2873 est,
248 2797 283 2855 ut
307 2799 436 2876 poetam
459 2815 524 2857 non
549 2795 763 2879 hypotactioa,
788 2795 844 2858 sed
860 2797 1060 2880 paratactica
1084 2817 1176 2859 usum
1194 2817 1264 2860 osse
1281 2801 1442 2860 structura

163 2905 416 2963 consentancum
447 2901 498 2966 sit.
548 2899 627 2982 (cfr.
659 2901 827 2987 exempla,
862 2923 944 2989 quae
968 2902 1103 2987 praebet
1127 2902 1344 2968 Grabenstein
1374 2903 1446 2984 „Dc

163 3008 451 3092 interrogationum
475 3008 747 3073 enuntiativarum
772 3031 832 3074 usu
855 3009 1053 3075 Hor·atiano“
1082 3033 1112 3096 p.
1139 3011 1204 3094 13).

269 3115 389 3180 Mirum
406 3121 464 3196 est,
488 3116 573 3180 hunc
597 3139 691 3180 usum
715 3117 801 3202 apud
824 3119 1040 3204 posteriorum
1064 3124 1246 3203 temporum
1270 3119 1442 3203 scriptores

161 3239 227 3282 non
251 3220 447 3284 increbuisse
473 3221 542 3304 (cfr.
567 3222 688 3307 Draeg.
713 3222 757 3305 ΙΙ,
781 3247 813 3310 p.
839 3222 928 3308 475).

269 3325 352 3390 Cum
386 3329 625 3392 coniunctivum
661 3330 729 3394 sine
763 3331 836 3410 ,41ιι
869 3331 955 3396 finali
985 3337 1057 3418 post
1086 3332 1186 3396 verba
1217 3331 1387 3414 „volendi“
1413 3340 1445 3398 41

161 3439 233 3520 post
265 3433 491 3520 imperativum
525 3435 698 3499 verborum
737 3439 891 3518 „cavere“
928 3446 960 3503 et
994 3438 1137 3518 „facere“
1164 3438 1250 3524 apud
1274 3461 1384 3504 omnes
1408 3448 1440 3504 41

160 3542 284 3628 priscae
309 3547 340 3606 41
364 3562 483 3606 aureae
507 3542 623 3607 aetatis
646 3545 818 3629 scriptores
842 3553 874 3609 ct
898 3545 1024 3608 vinctae
1048 3551 1080 3608 ct
1103 3544 1262 3631 pedestris
1284 3548 1438 3611 orationis

161 3649 299 3714 inveniri
317 3649 404 3714 haud
422 3652 607 3734 ignoremus
633 3649 767 3734 (Dracg.
793 3650 837 3736 ΙΙ,
862 3673 893 3736 p.
919 3652 983 3715 283
1008 3648 1080 3737 sq),
1106 3651 1187 3717 illud
1212 3659 1337 3716 tanturn
1361 3655 1439 3717 mihi

160 3755 381 3820 annotandum
417 3779 486 3822 esse
522 3764 619 3844 puto,
654 3758 863 3844 Propertium
892 3759 988 3822 etiam
1011 3767 1083 3846 post
1107 3760 1207 3824 verba
1233 3758 1380 3841 „dicere“
1406 3768 1438 3825 et

162 3864 566 3948 „optare“ooniunctivnm
579 3867 646 3931 sinc
662 3866 737 3948 „nt“
762 3864 944 3932 admisisse:
971 3865 1032 3948 Ill,
1051 3869 1081 3948 8,
1102 3869 1142 3932 16
1172 3868 1244 3950 „dic
1271 3870 1441 3952 naviget“;

160 3968 200 4049 V,
226 3972 256 4051 3,
282 3973 323 4034 27
349 3993 394 4057 sq.
422 3979 529 4058 „opto,
555 3973 756 4044 edeside‘rio
780 3975 821 4038 sit
845 3975 933 4039 color
958 3974 1017 4040 iste
1041 3975 1145 4040 meo“.
1161 3974 1186 4058 2)

267 4077 364 4163 Apud
398 4079 563 4144 Catullum
598 4102 703 4167 neque
738 4089 811 4168 post
849 4081 998 4164 ,4114414ιι
1036 4105 1139 4169 neque
1172 4089 1245 4170 post
1285 4087 1437 4170 „optare“

160 4184 398 4250 coniunctivum
423 4188 540 4268 inveni,
566 4189 667 4252 semel
690 4196 799 4255 autem
823 4197 895 4276 post
922 4191 1075 4274 „iubare“
1108 4193 1174 4274 (32,
1200 4194 1219 4256 3
1243 4193 1318 4256 iube
1343 4191 1382 4255 ad
1406 4199 1438 4256 te

271 4359 290 4430 ¹)
310 4363 340 4419 L.
359 4363 511 4419 Muellerus
531 4365 644 4436 optimis
664 4365 749 4421 nixus
768 4367 846 4422 libris
868 4367 1067 4438 manuscriptis
1078 4368 1235 4423 rectissime
1250 4369 1317 4423 mihi
1332 4370 1443 4424 videtur

157 4449 311 4505 retinuisse
329 4451 523 4512 indicativum.

266 4539 286 4608 ⁹)
307 4541 405 4608 Draeg.
425 4543 458 4599 ll.
477 4562 503 4614 p.
523 4546 576 4600 284
595 4546 676 4600 affert
695 4563 709 4598 4
729 4545 826 4600 Plauto
847 4547 933 4606 Stich.
954 4549 1006 4604 624
1026 4551 1054 4601 41
1074 4548 1110 4617 (p.
1132 4547 1195 4616 289)
1216 4565 1230 4600 4
1250 4547 1333 4616 Verg.
1359 4550 1390 4608 Α.
1411 4551 1437 4615 4,

156 4633 190 4685 24
197 4649 204 4694 ;
224 4648 260 4683 ex
280 4629 331 4686 Ov.
351 4629 426 4689 trist.
446 4632 480 4697 11,
500 4636 543 4692 57.
