3446 5118
787 357 1006 426 ..43..

365 558 419 626 An
440 558 609 646 quisquam
632 559 664 622 in
687 556 800 623 mediis
823 556 977 644 persolvit
1004 564 1080 622 vota
1102 555 1307 643 procellis,

366 669 448 734 Cum
470 686 567 753 saepe
590 666 742 752 inportu
765 666 867 730 fracta
890 665 999 730 carina
1021 670 1121 746 natat,

365 773 434 840 Aut
456 772 546 861 prius
567 773 684 838 inlecto
709 771 852 860 deposcit
874 770 1018 859 praemia
1042 791 1137 836 cursu

368 881 511 967 Septima
535 901 631 967 quam
653 886 772 946 metam
795 877 923 943 triverit
946 884 1035 942 ante
1058 880 1162 946 rota“.

366 1041 432 1107 Cur
459 1040 677 1107 Baehrensius
709 1039 850 1104 haeserit
885 1037 918 1103 iu
937 1036 1048 1104 verbis
1074 1037 1126 1119 ,in
1148 1036 1261 1102 mediis
1283 1037 1439 1125 persolvit
1456 1043 1540 1102 veta

259 1149 428 1236 procellis“
455 1169 557 1236 eaque
581 1147 716 1213 ridicula
739 1167 808 1211 esse
832 1137 967 1227 dixerit,
984 1165 1050 1210 non
1072 1145 1238 1228 intellego.
1269 1144 1354 1209 Nam
1377 1144 1537 1210 sententia

259 1262 375 1342 aperta¹
395 1261 453 1338 est,
476 1261 513 1320 ut
536 1276 631 1321 nemo
654 1253 803 1319 dubitare
826 1252 936 1340 possit,
961 1249 1039 1339 quid
1062 1251 1202 1317 voluerit
1224 1258 1321 1339 poeta
1345 1251 1537 1340 exprimere.

258 1361 359 1426 Vetat
383 1362 468 1426 enim
490 1361 630 1448 aliquam
651 1380 719 1426 rem
742 1364 816 1424 ante
840 1358 937 1424 linem
959 1357 1042 1422 bene
1065 1364 1189 1442 gestam
1212 1358 1330 1445 putari,
1354 1359 1433 1424 haec
1460 1359 1538 1448 affe·

259 1489 333 1532 rens
357 1469 516 1555 exempla,
540 1465 702 1532 neminem
724 1472 791 1531 tam
814 1464 949 1530 stultum
971 1485 1051 1547 esse,
1086 1471 1133 1547 ut,
1166 1464 1352 1552 priusquam
1380 1464 1538 1553 procellas

258 1576 436 1658 evitaverit,
471 1576 535 1640 iam
568 1573 636 1638 deis
667 1579 742 1638 vota
769 1573 891 1653 solvat,
926 1591 1042 1658 neque,
1075 1572 1261 1660 priusquam
1299 1593 1428 1638 cursum
1465 1593 1538 1662 per·

258 1682 378 1762 lecerit,
402 1681 544 1768 praemia
570 1685 690 1767 poscat.
735 1678 831 1744 Unde
854 1679 998 1768 sequitur
1020 1678 1192 1744 lectionem
1219 1680 1418 1768 ,procellis“,
1442 1702 1538 1768 quam

239 1779 370 1853 ¹omnes
399 1787 553 1853 exhibent
583 1787 657 1852 libri
686 1785 911 1872 manuscripti,
946 1807 1011 1851 non
1034 1786 1138 1852 solum
1171 1786 1267 1852 facile
1295 1787 1450 1873 intellegi,
1480 1785 1539 1854 sed

183 1947 194 1976 ,
258 1894 355 1959 etiam
382 1891 562 1968 Baehrensi
593 1892 850 1960 emendationem
884 1893 1047 1972 ,fluentis“
1083 1893 1257 1980 avulgata
1279 1893 1419 1960 lectione
1444 1893 1538 1962 nimis

258 1999 421 2069 recedere.

685 2160 872 2247 Sequuntur
895 2179 947 2225 vv.
971 2159 1120 2226 19-34:

369 2285 437 2368 ,Tu
459 2292 568 2354 tamen
590 2286 724 2367 interea,
749 2286 894 2373 quamvis
916 2291 949 2351 te
972 2284 1086 2370 diligat
1107 2285 1172 2368 illa,

367 2393 407 2460 In
430 2394 528 2462 tacito
552 2393 666 2459 cohibe
686 2391 804 2478 gaudia
827 2393 937 2458 clausa
957 2393 1044 2459 sinu:

367 2501 516 2589 Namque
539 2499 571 2566 in
596 2521 704 2565 amore
727 2522 785 2566 suo
809 2521 936 2588 semper
960 2522 1017 2566 sua
1044 2500 1186 2566 maxima
1208 2500 1326 2590 cuique

365 2608 482 2674 Nescio
504 2628 567 2695 quo
590 2613 685 2695 pacto
708 2607 808 2674 verba
831 2627 949 2673 nocere
972 2608 1090 2674 solent.

365 2715 519 2792 Quamvis
541 2720 574 2784 te
598 2735 752 2802 persaepe
776 2726 883 2797 vetet,
904 2715 1035 2780 semel
1066 2715 1131 2780 ire
1164 2723 1378 2784 memento:

367 2821 527 2887 invidiam
550 2819 637 2910 qued
659 2821 767 2904 habet,
791 2841 855 2888 non
878 2821 960 2887 solet
984 2843 1053 2888 esse
1078 2821 1162 2890 diu.“

366 2982 535 3050 Sententia
556 2981 673 3049 horum
696 3003 847 3048 versuum
870 2983 955 3049 haec
974 2991 1038 3050 est:
1086 2984 1259 3068 ,Quamvis
1275 2985 1354 3052 felix
1370 2987 1412 3053 sis
1428 3008 1539 3054 amore

257 3098 324 3172 tce,
348 3097 457 3156 tamen
473 3110 513 3156 nc
537 3089 693 3176 gloriatus
716 3089 758 3154 sis
781 3110 865 3160 neve
887 3091 1024 3156 allonim
1039 3090 1192 3157 invidiam
1208 3094 1450 3180 provocaveris:
1473 3095 1539 3160 for·

258 3204 337 3262 tuna
361 3197 456 3280 enim,
481 3197 533 3264 cui
555 3196 731 3279 invidetur,
751 3218 818 3262 nen
841 3204 888 3264 est
906 3198 1068 3266 diuturna.
1101 3197 1196 3264 Unde
1219 3198 1478 3285 Hertzbergium,
1502 3209 1539 3268 ut

258 3301 403 3370 codicum
424 3304 616 3393 scripturam
642 3304 781 3383 ,semel
803 3304 848 3370 ire
871 3308 1051 3371 memento¹‘
1084 3306 1222 3388 fulciret,
1256 3308 1405 3395 exempla
1428 3309 1538 3398 inepta

257 3411 403 3476 attulisse
426 3409 470 3493 ΙΙ,
496 3411 550 3492 33,
574 3411 617 3478 43
643 3409 717 3496 (ΙΙΙ,
747 3409 802 3496 31)
841 3411 994 3498 ,Semper
1025 3413 1060 3480 in
1092 3413 1240 3481 absentes
1269 3413 1392 3481 felicior
1426 3421 1535 3482 aestvrs

258 3519 441 3604 amantes“;
464 3515 509 3600 Π,
537 3517 587 3599 14,
612 3520 654 3583 20
680 3515 755 3602 (ΙΙΙ,
782 3519 811 3601 6,
837 3517 892 3602 20)
926 3519 998 3600 ,Sic
1020 3520 1116 3586 hodie
1140 3521 1259 3603 veniet,
1291 3521 1384 3608 siqua
1407 3523 1539 3608 negavit

257 3623 368 3710 heri“;
400 3619 460 3707 IV,
486 3626 514 3707 5,
540 3625 582 3689 30
615 3623 669 3709 (V,
694 3625 724 3708 5,
750 3624 817 3712 30).
867 3626 990 3710 ,Maior
1020 3627 1121 3694 dilata
1148 3633 1242 3694 nocte
1265 3628 1405 3694 recurrit
1427 3627 1535 3694 amcr“

258 3731 354 3820 plane
378 3729 494 3799 elucet.

365 3889 584 3958 Baehrensius
614 3891 749 3965 coniecit
787 3894 905 3974 ,semel
927 3895 974 3960 irc
996 3894 1155 3978 negato“‚
1189 3914 1286 3981 quam
1319 3895 1538 3962 coniecturam

257 3997 355 4063 etiam
377 3997 483 4063 minus
506 4005 615 4086 aptam
638 4019 706 4064 esse
729 3999 785 4065 illa
799 3998 1000 4068 Lachmauni
1025 4001 1144 4081 ,semel
1160 4000 1206 4066 ire
1223 4001 1353 4067 timeto“
1380 4002 1537 4070 existimo.
1586 4004 1596 4016 '

258 4104 341 4170 Nam
367 4104 394 4170 si
416 4104 551 4189 legimus
578 4109 733 4194 ,negato“
760 4115 817 4174 ant
842 4109 991 4190 ,timot0“
1018 4108 1165 4174 voculam
1192 4109 1328 4189 ,semel“
1355 4130 1420 4174 non
1435 4109 1538 4175 solum

258 4229 545 4300 supervacaneam,
580 4212 638 4281 sed
668 4213 766 4280 ctiam
799 4215 1028 4305 ineptissimam
1063 4237 1133 4282 esse
1167 4216 1394 4300 intellegimus.
1441 4216 1538 4284 Unde

262 4319 380 4401 ,semel
397 4320 462 4386 ire“
483 4327 670 4410 corruptum
688 4341 757 4387 esse
773 4319 910 4388 Iacobus
931 4321 1107 4389 rectissime
1128 4323 1315 4408 cognovisse
1336 4330 1368 4390 et
1392 4325 1538 4406 ,simu·

257 4425 368 4492 lare“
396 4425 583 4493 emendasse
607 4427 685 4496 mihi
709 4428 853 4510 videtur,
886 4429 972 4518 quod
996 4429 1084 4518 apud
1106 4429 1313 4511 Terentium,
1337 4432 1536 4513 Ciceronem,

258 4532 388 4600 Livium
417 4535 580 4602 interdurn
610 4535 679 4610 sine
702 4533 826 4602 obiecto
849 4537 979 4604 notione
1016 4537 1101 4619 ,sich
1124 4538 1315 4604 varstallen“
1346 4544 1537 4626 usurpatum

260 4623 406 4690 occurrit.
