3446 5118
820 292 951 393 ...38
1000 324 1039 338 ..

290 496 347 556 aut
364 489 594 568 condicionem,
611 509 675 574 qua
691 485 769 574 quid
784 487 829 569 fit,
852 485 987 552 indicari
1003 487 1179 554 rectissime
1201 487 1326 555 monuit
1340 487 1579 572 Hertzbergius

293 596 337 684 (p.
365 595 452 681 134),
486 617 552 662 non
584 594 687 661 solnm
716 615 948 681 nonnunquam
977 615 1036 681 pro
1065 595 1206 662 ablativo
1230 596 1469 664 instrumentali
1502 594 1577 679 (cfr.

213 695 219 703 ’
291 704 352 786 ΠΙ,
377 703 407 786 8,
430 706 491 787 21,
514 702 555 786 V,
584 704 634 784 11,
660 701 704 787 2),
739 701 795 768 scd
828 702 925 767 etiam
954 702 1025 768 loco
1058 703 1218 769 enuntiati
1250 703 1355 769 finalis
1387 701 1456 788 (cir.
1478 703 1519 785 V,
1544 705 1579 788 6,

294 814 352 896 323
379 810 434 895 70)
459 809 605 897 positam.

399 915 527 983 Deinde
550 918 649 984 semel
671 915 946 1004 praepositionem
976 915 1128 998 „contra“
1152 917 1293 999 notione,
1317 917 1396 1000 „ad“
1419 918 1473 984 111
1496 917 1572 1002 „in“

293 1031 484 1113 usurpatum
507 1024 652 1112 repperi:
677 1025 703 1106 Ι,
730 1024 780 1105 15,
804 1023 846 1089 37
870 1029 1003 1106 „contra
1025 1025 1126 1090 solem
1148 1030 1241 1111 potes
1264 1025 1442 1093 attollere“.

400 1132 463 1198 Hic
497 1133 692 1198 mentionem
728 1131 810 1196 facio
845 1151 957 1197 versus
988 1131 1042 1212 lV,
1076 1135 1113 1212 8,
1148 1133 1207 1197 36:
1242 1131 1344 1212 „Tota
1367 1133 1426 1198 sub
1451 1134 1573 1220 exiguo

295 1241 434 1306 flumine·
449 1246 561 1305 nostra
584 1260 674 1304 mora
698 1238 774 1319 est“,
798 1238 853 1324 qui
876 1238 1048 1305 nonnullos
1072 1236 1217 1306 offendit.
1251 1239 1471 1306 Baehrensius
1500 1238 1579 1324 (ΙΙΙ,

296 1354 326 1431 9,
350 1347 405 1433 36)
441 1346 510 1414 sine
545 1346 612 1411 ulla
645 1345 801 1411 librorum
832 1346 1124 1432 manuscriptorum
1157 1347 1349 1412 auctoritate
1381 1367 1440 1434 pro
1474 1346 1577 1429 „sub“

296 1455 423 1543 scripsit
455 1453 560 1536 „sod“.
608 1454 654 1519 At
682 1472 876 1540 quamquam
905 1459 937 1518 et
964 1453 1125 1518 sententia
1154 1451 1349 1519 antecedens
1381 1451 1483 1538 („non
1514 1473 1576 1538 ego

296 1562 432 1630 velifera
463 1561 621 1628 tumidum
651 1581 739 1625 mare
773 1559 861 1626 findo
896 1558 1038 1642 carina“)
1068 1560 1259 1647 particulam
1281 1581 1416 1646 poscere
1440 1559 1572 1628 videtur

298 1668 589 1736 adversativamet
612 1667 734 1734 nudum
758 1667 933 1732 ablativum
960 1665 1045 1751 (loci)
1071 1688 1090 1730 a
1110 1667 1276 1754 Propertii
1297 1668 1422 1734 ratione
1447 1667 1583 1734 dicendi

297 1776 427 1840 minime
461 1774 613 1840 recedere
646 1795 744 1861 supra
779 1772 916 1839 vidimus
953 1772 1022 1857 (cfr.
1048 1772 1074 1852 1,
1107 1776 1158 1855 11,
1194 1775 1234 1839 10
1257 1774 1410 1862 „parvola
1433 1774 1579 1842 Lucrina

299 1882 414 1969 cymba
437 1887 581 1947 moretur
598 1880 727 1966 aqua“),
752 1887 860 1945 tamen
876 1881 1147 1968 praepositionem
1163 1880 1284 1964 „sub“,
1308 1901 1404 1968 quam
1419 1883 1582 1969 praebent

300 1988 434 2071 codices,
458 1987 660 2054 retinendam
685 2009 754 2053 1111
778 2009 851 2052 cnm
873 1986 1081 2052 Lachmanno
1098 1986 1122 2071 ¹)
1147 1987 1303 2073 arbitror3
1337 2010 1413 2054 nam
1436 1989 1577 2076 primum

299 2095 479 2182 asyndeton
502 2095 736 2160 adversativum
766 2095 798 2158 in
822 2093 973 2181 Properti
996 2095 1108 2180 elegiis
1130 2094 1217 2160 haud
1241 2117 1315 2162 raro
1339 2096 1478 2162 occurrit
1508 2095 1581 2180 (cir.

299 2203 359 2286 IV,
384 2207 414 2286 4,
439 2204 481 2267 47
493 2227 501 2286 ;
528 2202 578 2285 11,
602 2205 663 2287 38,
686 2200 727 2284 V,
744 2203 774 2282 2,
796 2200 844 2284 6),
869 2199 987 2266 deinde
1009 2223 1074 2267 non
1089 2203 1178 2268 locus
1195 2222 1313 2270 vacuus
1338 2239 1377 2250 -
1403 2210 1439 2270 ut
1462 2204 1581 2269 Hertz-

300 2312 431 2396 bergius
456 2309 499 2399 (p.
526 2312 602 2394 135)
626 2310 802 2377 rectissime
824 2311 950 2375 monuit
975 2347 1014 2356 -
1039 2310 1096 2376 sed
1118 2311 1279 2396 margines
1302 2312 1380 2377 editi
1399 2313 1418 2380 i.
1444 2334 1473 2380 e.
1489 2313 1583 2400 ripae

217 2397 223 2410 ⁸
300 2425 496 2507 spectantur.
545 2418 625 2503 (cfr.
650 2420 709 2486 01.
734 2419 807 2485 fast.
833 2418 863 2500 4,
888 2418 952 2482 427
977 2419 1083 2501 „valle
1106 2419 1165 2484 sub
1189 2418 1385 2504 umbrosa“).

275 2527 278 2530 ’
408 2526 479 2592 Hoc
510 2527 582 2592 loco
612 2527 710 2590 etiam
739 2527 940 2591 licentiorem
964 2526 1177 2613 complurium
1200 2528 1463 2594 coniunctionum
1484 2551 1578 2594 usum

301 2634 416 2699 leviter
439 2631 665 2716 attingendum
688 2653 757 2697 1111
782 2653 908 2699 censeo.

408 2743 458 2808 Ao
492 2741 631 2828 primum
663 2740 753 2822 illud,
789 2739 873 2826 quod
909 2760 1015 2828 neque
1050 2740 1137 2827 apud
1168 2741 1332 2808 Catullum
1364 2763 1470 2830 neque
1493 2743 1581 2831 apud

303 2847 466 2913 Tibullum
482 2849 653 2930 invenitur,
669 2848 748 2913 mihi
762 2846 1078 2914 commemorandum
1090 2869 1158 2914 esse
1171 2850 1331 2933 existimo,
1362 2851 1581 2938 Propertium,

302 2960 429 3043 poetam
463 2955 747 3021 concitatissimum
777 2962 873 3042 atque
914 2955 1248 3038 vehementissimum,
1297 2959 1336 3022 ab
1372 2958 1463 3024 initio
1497 2959 1579 3043 eleg.

303 3061 329 3145 I,
357 3060 434 3146 lli)
459 3061 651 3148 particulam
680 3061 769 3143 „et“,
799 3061 839 3124 ab
863 3061 955 3127 initio
980 3062 1060 3147 eleg.
1085 3062 1146 3144 IV,
1172 3066 1191 3129 6
1215 3070 1247 3129 et
1270 3063 1329 3144 IV,
1360 3066 1403 3130 23
1434 3065 1581 3150 „ergo“

302 3169 458 3256 posuisse,
482 3176 519 3234 ut
541 3169 730 3256 interruptis
753 3169 936 3251 sententiis,
960 3169 1097 3256 quasin
1119 3177 1227 3236 mente
1251 3172 1411 3246 volverat,
1437 3172 1584 3258 legentes

305 3277 338 3341 in
364 3276 487 3342 medias
510 3298 562 3341 res
587 3313 622 3326 -
653 3283 689 3340 ut
712 3277 758 3341 ita
782 3275 886 3341 dicam
911 3311 951 3324 -·
975 3275 1115 3345 inducat.

410 3383 538 3449 Deinde
562 3382 706 3448 videmus
730 3384 807 3468 eleg.
831 3382 892 3467 ΙΙΙ,
920 3389 933 3449 1
961 3406 980 3448 1
1002 3384 1163 3472 particula
1187 3383 1283 3466 ,sed“
1307 3386 1470 3473 incipere,
1499 3386 1584 3451 unde

305 3511 432 3558 carmen
465 3491 569 3578 capite
603 3490 828 3557 detruncatum
859 3513 928 3558 esse
952 3493 1081 3558 minime
1105 3492 1254 3558 concludi
1276 3499 1399 3581 potest:
1434 3516 1510 3560 nam
1544 3516 1586 3560 ex

305 3601 375 3685 ipsa
398 3598 501 3682 elegia
518 3598 734 3683 intellegimus
756 3606 885 3687 poetam
910 3598 1016 3665 dicere
1038 3599 1192 3666 uoluisse:
1219 3601 1324 3681 ,Satis
1340 3599 1445 3668 adhuc
1461 3623 1585 3668 amores

308 3707 418 3788 cecini,
441 3705 514 3771 sed
538 3727 623 3771 nunc
647 3713 695 3772 cst
718 3712 845 3795 tempus
868 3707 960 3774 etc.“.

414 3815 518 3880 Porro
535 3814 697 3879 neminem
712 3814 795 3898 fugit
811 3815 1000 3902 particulam
1013 3812 1085 3896 „at“
1098 3835 1163 3879 non
1175 3814 1277 3881 solum
1288 3816 1329 3881 ad
1343 3815 1589 3903 exprimendam

307 3919 481 3985 antithesin
507 3920 557 3986 vel
572 3920 865 4007 interpellationem
888 3920 940 3986 111
956 3921 1226 4004 exhortationem,
1250 3922 1425 3988 sedetiam
1448 3923 1490 3990 ad
1514 3945 1589 3989 son·

306 4025 441 4090 tentiam
464 4026 713 4094 continuandam
736 4028 885 4094 adhiberi
909 4029 966 4094 cfr.
999 4028 1058 4110 IV,
1091 4030 1141 4110 12,
1167 4030 1228 4114 533
1265 4030 1306 4113 V,
1341 4033 1366 4112 1,
1390 4031 1451 4116 953
1476 4034 1507 4112 9,
1534 4033 1588 4097 33.

419 4219 438 4290 1)
458 4208 579 4276 Ρ111111
594 4222 742 4276 refutanda
761 4230 805 4277 est
823 4221 972 4292 explicatio
992 4221 1182 4292 Lachmanni,
1211 4223 1256 4293 qui
1283 4223 1364 4279 dicit:
1394 4225 1589 4295 „Propertium

308 4313 382 4364 recte
410 4329 440 4365 11
469 4311 572 4380 „sub“
601 4311 714 4366 flumine
737 4309 839 4379 morari
867 4311 973 4380 dicere,
1002 4330 1065 4366 cum
1088 4330 1153 4382 pars
1171 4313 1279 4382 navigii
1299 4314 1404 4380 „sub“
1424 4331 1498 4384 aqua
1517 4313 1586 4371 sit“.

308 4400 397 4454 Locos
423 4403 515 4456 autem
538 4400 619 4471 Prop.
647 4401 696 4468 ΙΙΙ,
722 4403 765 4469 23,
795 4403 827 4457 13
854 4402 967 4469 „sedeat
986 4401 1037 4455 sub
1056 4401 1191 4456 arundine
1210 4403 1321 4456 remex“
1350 4406 1378 4458 et
1407 4404 1478 4462 Stat.
1499 4401 1588 4460 Theb.

308 4489 358 4557 Ill,
368 4491 420 4546 407
430 4490 561 4558 „lavabat
571 4490 622 4544 sub
632 4490 709 4544 fonte
720 4489 844 4545 comam“
854 4489 888 4543 ab
898 4507 930 4542 co
942 4507 998 4543 non
1009 4494 1073 4560 apte
1084 4493 1259 4560 comparatos
1270 4509 1332 4546 esse
1342 4491 1482 4546 neminem
1489 4491 1588 4562 lugiet.

421 4577 441 4648 1)
462 4578 510 4649 111,
529 4579 563 4640 23
583 4597 683 4653 sequor
703 4579 870 4656 scripturam
890 4579 972 4650 „at“,
991 4597 1073 4654 quam
1093 4579 1204 4636 codices
1223 4580 1364 4642 exhibent.
